
@misc{noauthor_health_2022,
	title = {Health {Effects} of {Smoking} and {Tobacco} {Use}},
	url = {https://www.cdc.gov/tobacco/basic_information/health_effects/index.htm},
	abstract = {Information on the impact of diseases caused by tobacco use, such as cancer, heart disease, respiratory diseases, and learn about the impact of tobacco use on pregnant women.},
	language = {en-us},
	urldate = {2023-12-08},
	journal = {Centers for Disease Control and Prevention},
	month = mar,
	year = {2022},
	file = {Snapshot:/Users/mattguerra/Zotero/storage/45LYHVI8/index.html:text/html},
}

@misc{noauthor_binary_nodate,
	title = {Binary {Prediction} of {Smoker} {Status} using {Bio}-{Signals}},
	url = {https://kaggle.com/competitions/playground-series-s3e24},
	abstract = {Playground Series - Season 3, Episode 24},
	language = {en},
	urldate = {2023-12-08},
	file = {Snapshot:/Users/mattguerra/Zotero/storage/G5WIKNKB/overview.html:text/html},
}

@misc{noauthor_smoker_nodate,
	title = {Smoker {Status} {Prediction} using {Bio}-{Signals}},
	url = {https://www.kaggle.com/datasets/gauravduttakiit/smoker-status-prediction-using-biosignals},
	abstract = {Smoker Status Prediction using Bio-Signals},
	language = {en},
	urldate = {2023-12-08},
	file = {Snapshot:/Users/mattguerra/Zotero/storage/BWST4XEU/smoker-status-prediction-using-biosignals.html:text/html},
}

@misc{noauthor_triglycerides_nodate,
	title = {Triglycerides: {Why} do they matter? - {Mayo} {Clinic}},
	url = {https://www.mayoclinic.org/diseases-conditions/high-blood-cholesterol/in-depth/triglycerides/art-20048186},
	urldate = {2023-12-08},
	file = {Triglycerides\: Why do they matter? - Mayo Clinic:/Users/mattguerra/Zotero/storage/QL3HH7UZ/art-20048186.html:text/html},
}
